<?xml version="1.0" encoding="UTF-8" standalone="no"?>
<Document xmlns="urn:iso:std:iso:20022:tech:xsd:pain.001.001.03">
    <CstmrCdtTrfInitn>
        <GrpHdr>
            <MsgId>123456</MsgId>
            <CreDtTm>17/10/2024</CreDtTm>
            <NbOfTxs>1</NbOfTxs>
            <CtrlSum>222</CtrlSum>
            <InitgPty>
                <Nm>44444444444444444444444444444444</Nm>
            </InitgPty>
        </GrpHdr>
        <PmtInf>
            <PmtInfId>PmtInf123</PmtInfId>
            <PmtMtd>TRF</PmtMtd>
            <ReqdExctnDt>17/10/2024</ReqdExctnDt>
            <Dbtr>
                <Nm>4444444444444444444444444444444</Nm>
                <DbtrAcct>
                    <Id>
                        <IBAN>444444444444444444</IBAN>
                    </Id>
                </DbtrAcct>
                <DbtrAgt>
                    <FinInstnId>
                        <BIC>44444444444</BIC>
                    </FinInstnId>
                </DbtrAgt>
            </Dbtr>
            <Cdtr>
                <Nm>44444444444444444444444444444444</Nm>
                <CdtrAcct>
                    <Id>
                        <IBAN>4444444444444444444444444444444444</IBAN>
                    </Id>
                </CdtrAcct>
                <CdtrAgt>
                    <FinInstnId>
                        <BIC>44444444444</BIC>
                    </FinInstnId>
                </CdtrAgt>
            </Cdtr>
            <CdtTrfTxInf>
                <PmtId>
                    <EndToEndId>ETOE123456</EndToEndId>
                </PmtId>
                <Amt>
                    <InstdAmt Ccy="EUR">222</InstdAmt>
                </Amt>
            </CdtTrfTxInf>
        </PmtInf>
    </CstmrCdtTrfInitn>
</Document>
